@INPROCEEDINGS{contextual_bandits,
    author = {Katja Hofmann and Shimon Whiteson and Maarten de Rijke},
	title = {Contextual Bandits for Information Retrieval},
	booktitle = {NIPS 2011 Workshop on Bayesian Optimization, Experimental Design, and Bandits},
	year = "2011"
}

@book{reinforcement_learning,
    author    = "Richard S. Sutton and Andrew G. Burto",
    title     = "Reinforcement Learning: An Introduction",
    year      = "1998",
    publisher = "The MIT Press",
    address   = "Cambridge, Massachusetts, London England"
}

@INPROCEEDINGS{ucb,
    author = {R.Agrawal},
	title = {Sample Mean Based Index Policies with O(log n) Regret for the Multi-Armed Bandit Problem},
	booktitle = {Advances in Applied Probability},
	pages = {1054 - 1078},
	publisher = "Applied Probability Trust",
	volume = "27",
	number = "4",
	year = "1995"
}